@ARTICLE{NVDiamond,
  author  = {J.Narayan, A.bhaumik},
  title     = {Spring School in Computational Physics},
  journal = {Matter.Res.Lett}, 
  volume  = {5 NO.4},
  year    = {2017},
  pages   = {242-250}
}

@ARTICLE{QTh,
  author  = {J. Goold, M.Huber, A. Riera, L. Del Río, P. Skrzypczyk},
  title     = {Spring School in Computational Physics},
  journal = {J. Phys}, 
  volume  = {49,14},
  year    = {2016},
}

@ARTICLE{ThermoQIFlow,
  author  = {K. Ptaszyński, M. Espósito},
  title     = {Spring School in Computational Physics},
  journal = {Phys.Rev.Lett}, 
  volume  = {122},
  year    = {2019},
}

@ARTICLE{ThermoFlow,
  author  = {S. Boucetta},
  title     = {Spring School in Computational Physics},
  journal = {J. Magnesium and Alloys}, 
  volume  = {2},
  year    = {2014},
  pages   = {59-63}
}

@ARTICLE{LJ,
  author  = {J.E. Lennard-Jones},
  title     = {Spring School in Computational Physics},
  journal = {Proc.R.Soc.Lond A}, 
  volume  = {106(738)},
  year    = {1924},
  pages   = {463-477}
}

@book{MDErcolessi,
  author    = {F. Ercolessi}, 
  title     = {Spring School in Computational Physics},
  publisher = {ICTP},
  year      = 1997,
  address   = {The address},
  edition   = 1
}

@ARTICLE{ACPot1,
  author  = {C. De Tomás, I. Suárez-Martínez, N. Marks},
  title     = {Spring School in Computational Physics},
  journal = {Carbon}, 
  volume  = {109},
  year    = {2016},
  pages   = {681-693}
}

@ARTICLE{ACPot2,
  author  = {E. Tangarife, R. González, C. Cárdenas, E.M. Bringa, F. Muñoz},
  title     = {Spring School in Computational Physics},
  journal = {Carbon}, 
  volume  = {144},
  year    = {2019},
  pages   = {177-184}
}

@ARTICLE{Zazula,
  author  = {J.M. Zazula},
  title     = {Spring School in Computational Physics},
  journal = {LHC Project Note}, 
  volume  = {87},
  year    = {1997},
}

@ARTICLE{Lammps,
  author  = {S. Plimpton},
  title     = {Spring School in Computational Physics},
  journal = {J Comp Phys}, 
  volume  = {117},
  year    = {1995},
  pages   = {1-19}
} 

@ARTICLE{Ovito,
  author  = {A. Stukowski},
  title     = {Spring School in Computational Physics},
  journal = {Matter. Sci. Eng.}, 
  volume  = {18},
  year    = {2010}
}

@ARTICLE{RefBulk,
  author  = { A. M. Ito, A. Takayama, Y. Oda, H. Nakamura},
  title     = {Spring School in Computational Physics},
  journal = {J. Phys.: Conf. Ser.}, 
  volume  = {518},
  year    = {2014}
}

@ARTICLE{Phonopy,
  author  = {A. Togo},
  title     = {Spring School in Computational Physics},
  journal = {Scripta Materialia}, 
  volume  = {108},
  year    = {2015},
  pages   = {1-5}
}





