@book{b1,
  author    = {Overhof H.,Spaeth J.}, 
  title     = {Point Defects in Semiconductors and Insulators },
  publisher = {Springer},
  year      = 2002,
  edition   = 1,
  month     = 9,
  isbn      = {978-3-642-62722-4}
}

@book{b2,
  author    = {Demtroder W.}, 
  title     = {Laser Spectroscopy 2: Experimental Techniques},
  publisher = {Springer},
  year      = 2014,
  edition   = 5,
  month     = 11,
  isbn      = {978-3-662-44640-9}
}

@ARTICLE{p1,
  author  = {et. al., Dreau A.},
  title   = {Avoiding power broadening in optically detected magnetic resonance of single NV defects for enhanced dc magnetic field sensitivity},
  journal = {Physics Review B}, 
  volume  = {84},
  year    = {2011},
  pages   = {195-204}
}

@ARTICLE{p2,
  author  = {Wrachtrup J.,Jelezko F.},
  title   = {Single defect centres in diamond: A review },
  journal = {phys.stat.sol.(a)}, 
  volume  = {13},
  year    = {2006},
  pages   = {3207-3225}
}

@ARTICLE{p3,
  author  = {et.al.,Krausz E., Barson M.},
  title   = {The fine structure of the neutral nitrogen-vacancy
center in diamond},
  journal = {Nanophotonics}, 
  volume  = {8(11)},
  year    = {2019},
  pages   = {1985-1991}
}

@ARTICLE{p4,
  author  = {Carbonera D.},
  title   = {Optically detected magnetic resonance (ODMR) of photoexcited
triplet states},
  journal = {Photosynth Res}, 
  volume  = {102},
  year    = {2009},
  pages   = {403-414}
}

@ARTICLE{p5,
  author  = {et.al., Chang K, Schirhagl R., },
  title   = {Nitrogen-Vacancy Centers in Diamond: Nanoscale Sensors for Physics and Biology},
  journal = {Annu. Rev. Phys. Chem.}, 
  volume  = {65},
  year    = {2014},
  pages   = {83-105}
}

@ARTICLE{p6,
  author  = {et.al.,Schwartz I.,Scheuer J.},
  title   = {Optically induced dynamic nuclear spin polarisation in diamond},
  journal = {New J. Phys. 1}, 
  volume  = {18-1},
  year    = {2016},
  pages   = {30-40}
}
